<?xml version="1.0" encoding="UTF-8"?><collection xmlns="http://www.loc.gov/MARC21/slim"><record><leader>00396nam--2200133-i-4500</leader><controlfield tag="001">000002781</controlfield><controlfield tag="002">20161230</controlfield><controlfield tag="005">20161230201025</controlfield><controlfield tag="008">060222s1000------------r-----000-0-eng-d</controlfield><datafield ind1=" " ind2=" " tag="080"><subfield code="a">061.3:522.617</subfield></datafield><datafield ind1=" " ind2=" " tag="245"><subfield code="a">Astronomical photoelectric photometry a symposium presented in 1951</subfield></datafield><datafield ind1=" " ind2=" " tag="260"><subfield code="a">Washington, Am.Ass.For The Adv.Of Sciences, 1953 Viii + 141 P</subfield></datafield><datafield ind1=" " ind2=" " tag="700"><subfield code="a">Bradshaw, Freank</subfield></datafield><datafield ind1=" " ind2=" " tag="852"><subfield code="a">10578</subfield></datafield></record></collection>